@article{ziegler2008estimating,
  title={Estimating the prevalence of limb loss in the United States: 2005 to 2050},
  author={Ziegler-Graham, Kathryn and MacKenzie, Ellen J and Ephraim, Patti L and Travison, Thomas G and Brookmeyer, Ron},
  journal={Archives of physical medicine and rehabilitation},
  volume={89},
  number={3},
  pages={422--429},
  year={2008},
  publisher={Elsevier}
}